@inproceedings{moosavi2016deepfool,
  title={Deepfool: a simple and accurate method to fool deep neural networks},
  author={Moosavi-Dezfooli, Seyed-Mohsen and Fawzi, Alhussein and Frossard, Pascal},
  booktitle={Proceedings of the IEEE conference on computer vision and pattern recognition},
  pages={2574--2582},
  year={2016}
}

@incollection{kurakin2018adversarial,
  title={Adversarial examples in the physical world},
  author={Kurakin, Alexey and Goodfellow, Ian J and Bengio, Samy},
  booktitle={Artificial intelligence safety and security},
  pages={99--112},
  year={2018},
  publisher={Chapman and Hall/CRC}
}

@article{goodfellow2014explaining,
  title={Explaining and harnessing adversarial examples},
  author={Goodfellow, Ian J and Shlens, Jonathon and Szegedy, Christian},
  journal={arXiv preprint arXiv:1412.6572},
  year={2014}
}

@inproceedings{kurakin2018adversarial,
  title={Adversarial attacks and defences competition},
  author={Kurakin, Alexey and Goodfellow, Ian and Bengio, Samy and Dong, Yinpeng and Liao, Fangzhou and Liang, Ming and Pang, Tianyu and Zhu, Jun and Hu, Xiaolin and Xie, Cihang and others},
  booktitle={The NIPS'17 Competition: Building Intelligent Systems},
  pages={195--231},
  year={2018},
  organization={Springer}
}